@misc{arXiv250323278,
  title        = {Model Context Protocol (MCP): Landscape, Security Threats ...},
  howpublished = {arXiv:2503.23278},
  note         = {Accessed: 2025-10-13},
  url          = {https://arxiv.org/abs/2503.23278}
}
@misc{arXiv250708055,
  title        = {MCPmed: A Call for MCP-Enabled Bioinformatics Web Services},
  howpublished = {arXiv:2507.08055},
  note         = {Accessed: 2025-10-13},
  url          = {https://arxiv.org/abs/2507.08055}
}
@misc{arXiv250907595,
  title        = {AgentX: Toward Robust Agent Workflow with FaaS-Hosted MCP Services},
  howpublished = {arXiv:2509.07595},
  note         = {Accessed: 2025-10-13},
  url          = {https://arxiv.org/abs/2509.07595}
}
@misc{arXiv250812566,
  title        = {Help or Hindrance? Rethinking LLMs Empowered with MCP},
  howpublished = {arXiv:2508.12566},
  note         = {Accessed: 2025-10-13},
  url          = {https://arxiv.org/abs/2508.12566}
}
@misc{MDPIElectronics3267,
  title        = {Asset Discovery in Critical Infrastructures: An LLM-Based Approach},
  howpublished = {MDPI, Electronics 14(16):3267},
  note         = {Accessed: 2025-10-13},
  url          = {https://www.mdpi.com/2079-9292/14/16/3267}
}
@misc{BhandarwarIJCTT,
  title        = {Integrating Generative AI and MCP with Applied Machine Learning for Advanced Agentic AI Systems},
  howpublished = {IJCTT via ResearchGate},
  note         = {Accessed: 2025-10-13},
  url          = {https://www.researchgate.net/}
}
@misc{MCPmedHTML,
  title        = {MCPmed (HTML version)},
  howpublished = {arXiv HTML 2507.08055v1},
  note         = {Accessed: 2025-10-13},
  url          = {https://arxiv.org/html/2507.08055v1}
}
@misc{CoppolinoProfile,
  title        = {Dr. Luigi Coppolino -- SciProfiles},
  howpublished = {Web profile},
  note         = {Accessed: 2025-10-13},
  url          = {https://sciprofiles.com/profile/1411308}
}
